<record xmlns="http://www.loc.gov/MARC21/slim" xmlns:xsi="http://www.w3.org/2001/XMLSchema-instance" xsi:schemaLocation="http://www.loc.gov/MARC21/slim http://www.loc.gov/standards/marcxml/schema/MARC21slim.xsd"><leader>     nam a22        4500</leader><controlfield tag="001">3071301</controlfield><controlfield tag="003">NNC</controlfield><controlfield tag="006">m        d        </controlfield><controlfield tag="007">cr cn |||m|||a</controlfield><controlfield tag="008">150313s1963    sy      ob    000 0 arar </controlfield><datafield ind1=" " ind2=" " tag="040"><subfield code="a">NNU</subfield><subfield code="b">eng</subfield><subfield code="e">rda</subfield><subfield code="c">NNU</subfield></datafield><datafield ind1="0" ind2="4" tag="050"><subfield code="a">DS238.Y28</subfield><subfield code="b">I2 1963</subfield></datafield><datafield ind1="1" ind2=" " tag="100"><subfield code="6">880-01</subfield><subfield code="a">Ibn Taymi&#772;yah, Ah&#803;mad ibn &#699;Abd al-H&#803;ali&#772;m,</subfield><subfield code="d">1263-1328.</subfield></datafield><datafield ind1="1" ind2="0" tag="245"><subfield code="6">880-02</subfield><subfield code="a">Su&#700;a&#772;l fi&#772; Yazi&#772;d ibn Mu&#699;a&#772;wiyah /</subfield><subfield code="c">li-Shaykh al-Isla&#772;m Ibn Taymi&#772;yah ; tah&#803;qi&#772;q S&#803;ala&#772;h&#803; al-Di&#772;n al-Munajjid.</subfield></datafield><datafield ind1=" " ind2=" " tag="260"><subfield code="6">880-03</subfield><subfield code="a">Dimashq :</subfield><subfield code="b">al-Majma&#699; al-&#699;Ilmi&#772; al-&#699;Arabi&#772;,</subfield><subfield code="c">1963.</subfield></datafield><datafield ind1=" " ind2=" " tag="300"><subfield code="a">online resource (23 pages)</subfield></datafield><datafield ind1=" " ind2=" " tag="336"><subfield code="a">text</subfield><subfield code="2">rdacontent</subfield></datafield><datafield ind1=" " ind2=" " tag="337"><subfield code="a">computer</subfield><subfield code="2">rdamedia</subfield></datafield><datafield ind1=" " ind2=" " tag="338"><subfield code="a">online resource</subfield><subfield code="2">rdacarrier</subfield></datafield><datafield ind1="1" ind2=" " tag="490"><subfield code="6">880-04</subfield><subfield code="a">Mat&#803;bu&#772;&#699;a&#772;t al-Majma&#699; al-&#699;Ilmi&#772; al-&#699;Arabi&#772; bi-Dimash.</subfield></datafield><datafield ind1=" " ind2=" " tag="500"><subfield code="6">880-05</subfield><subfield code="a">"Sali&#772;lah min Majallat al-Majma&#699; al-&#699;Ilmi&#772; al-&#699;Arabi&#772;, al-juz&#700; 3 wa 4 min al-mujallad 38."</subfield></datafield><datafield ind1=" " ind2=" " tag="500"><subfield code="a">Part of the Arabic Collections Online (ACO) project, contributed by Columbia University Libraries.</subfield></datafield><datafield ind1=" " ind2=" " tag="504"><subfield code="a">Includes bibliographical references.</subfield></datafield><datafield ind1=" " ind2=" " tag="533"><subfield code="a">Electronic reproduction.</subfield><subfield code="b">New York, N.Y. :</subfield><subfield code="c">New York University,</subfield><subfield code="d">2015.</subfield><subfield code="5">NNU</subfield></datafield><datafield ind1="0" ind2="0" tag="600"><subfield code="6">880-06</subfield><subfield code="a">Yazi&#772;d</subfield><subfield code="b">I,</subfield><subfield code="c">Caliph,</subfield><subfield code="d">approximately 642-683.</subfield></datafield><datafield ind1="0" ind2="7" tag="600"><subfield code="a">Yazi&#772;d</subfield><subfield code="b">I,</subfield><subfield code="c">Caliph,</subfield><subfield code="d">approximately 642-683</subfield><subfield code="2">fast</subfield><subfield code="0">(OCoLC)fst01859333</subfield></datafield><datafield ind1="1" ind2=" " tag="700"><subfield code="6">880-07</subfield><subfield code="a">Munajjid, S&#803;ala&#772;h&#803; al-Di&#772;n.</subfield></datafield><datafield ind1="2" ind2=" " tag="710"><subfield code="a">Columbia University.</subfield><subfield code="b">Libraries.</subfield></datafield><datafield ind1="0" ind2=" " tag="730"><subfield code="a">Arabic Collections Online.</subfield></datafield><datafield ind1="0" ind2="8" tag="776"><subfield code="i">Online version:</subfield><subfield code="a">Ibn Taymi&#772;yah, Ah&#803;mad ibn &#699;Abd al-H&#803;ali&#772;m, 1263-1328.</subfield><subfield code="t">Su&#700;a&#772;l fi&#772; Yazi&#772;d ibn Mu&#699;a&#772;wiyah.</subfield><subfield code="d">Dimashq : al-Majma&#699; al-&#699;Ilmi&#772; al-&#699;Arabi&#772;, 1963</subfield><subfield code="w">(OCoLC)551640439</subfield></datafield><datafield ind1="0" ind2="8" tag="776"><subfield code="i">Print version:</subfield><subfield code="a">Ibn Taymi&#772;yah, Ah&#803;mad ibn &#699;Abd al-H&#803;ali&#772;m, 1263-1328.</subfield><subfield code="t">Su&#700;a&#772;l fi&#772; Yazi&#772;d ibn Mu&#699;a&#772;wiyah</subfield><subfield code="w">(NNC)3071301</subfield><subfield code="w">(DLC)ne 65002508 </subfield><subfield code="w">(OCoLC)22715563</subfield></datafield><datafield ind1=" " ind2="0" tag="830"><subfield code="6">880-08</subfield><subfield code="a">Mat&#803;bu&#772;&#699;a&#772;t al-Majma&#699; al-&#699;Ilmi&#772; al-&#699;Arabi&#772; bi-Dimashq.</subfield></datafield><datafield ind1="4" ind2="0" tag="856"><subfield code="u">http://hdl.handle.net/2333.1/1ns1rqnk</subfield></datafield><datafield ind1="1" ind2=" " tag="880"><subfield code="6">100-01/r</subfield><subfield code="a">&#1575;&#1576;&#1606; &#1578;&#1610;&#1605;&#1610;&#1577;&#1548; &#1575;&#1581;&#1605;&#1583; &#1576;&#1606; &#1593;&#1576;&#1583; &#1575;&#1604;&#1581;&#1604;&#1610;&#1605;&#1548;,</subfield><subfield code="d">1263-1328.</subfield></datafield><datafield ind1="1" ind2="0" tag="880"><subfield code="6">245-02/r</subfield><subfield code="a">&#1587;&#1572;&#1575;&#1604; &#1601;&#1610; &#1610;&#1586;&#1610;&#1583; &#1576;&#1606; &#1605;&#1593;&#1575;&#1608;&#1610;&#1577; /</subfield><subfield code="c">&#1604;&#1588;&#1610;&#1582; &#1575;&#1604;&#1573;&#1587;&#1604;&#1575;&#1605; &#1575;&#1576;&#1606; &#1578;&#1610;&#1605;&#1610;&#1577; &#1563; &#1578;&#1581;&#1602;&#1610;&#1602; &#1589;&#1604;&#1575;&#1581; &#1575;&#1604;&#1583;&#1610;&#1606; &#1575;&#1604;&#1605;&#1606;&#1580;&#1583;.</subfield></datafield><datafield ind1=" " ind2=" " tag="880"><subfield code="6">260-03/r</subfield><subfield code="a">&#1583;&#1605;&#1588;&#1602; :</subfield><subfield code="b">&#1575;&#1604;&#1605;&#1580;&#1605;&#1593; &#1575;&#1604;&#1593;&#1604;&#1605;&#1610; &#1575;&#1604;&#1593;&#1585;&#1576;&#1610;&#1548;</subfield><subfield code="c">1963.</subfield></datafield><datafield ind1="1" ind2=" " tag="880"><subfield code="6">490-04/r</subfield><subfield code="a">&#1605;&#1591;&#1576;&#1608;&#1593;&#1575;&#1578; &#1575;&#1604;&#1605;&#1580;&#1605;&#1593; &#1575;&#1604;&#1593;&#1604;&#1605;&#1610; &#1575;&#1604;&#1593;&#1585;&#1576;&#1610; &#1576;&#1583;&#1605;&#1588;&#1602;</subfield></datafield><datafield ind1=" " ind2=" " tag="880"><subfield code="6">500-05/r</subfield><subfield code="a">"&#1587;&#1604;&#1610;&#1604;&#1577; &#1605;&#1606; &#1605;&#1580;&#1604;&#1577; &#1575;&#1604;&#1605;&#1580;&#1605;&#1593; &#1575;&#1604;&#1593;&#1604;&#1605;&#1610; &#1575;&#1604;&#1593;&#1585;&#1576;&#1610;&#1548; &#1575;&#1604;&#1580;&#1586;&#1569; 3 &#1608; 4 &#1605;&#1606; &#1575;&#1604;&#1605;&#1580;&#1604;&#1583; 38."</subfield></datafield><datafield ind1="0" ind2="4" tag="880"><subfield code="6">600-06/r</subfield><subfield code="a">&#1610;&#1586;&#1610;&#1583; &#1576;&#1606; &#1605;&#1593;&#1575;&#1608;&#1610;&#1577;.</subfield></datafield><datafield ind1="1" ind2=" " tag="880"><subfield code="6">700-07/r</subfield><subfield code="a">&#1605;&#1606;&#1580;&#1583;&#1548; &#1589;&#1604;&#1575;&#1581; &#1575;&#1604;&#1583;&#1610;&#1606;.</subfield></datafield><datafield ind1=" " ind2="0" tag="880"><subfield code="6">830-08/r</subfield><subfield code="a">&#1605;&#1591;&#1576;&#1608;&#1593;&#1575;&#1578; &#1575;&#1604;&#1605;&#1580;&#1605;&#1593; &#1575;&#1604;&#1593;&#1604;&#1605;&#1610; &#1575;&#1604;&#1593;&#1585;&#1576;&#1610; &#1576;&#1583;&#1605;&#1588;&#1602;.</subfield></datafield><datafield ind1=" " ind2=" " tag="959"><subfield code="a">NNU</subfield><subfield code="b">WEB</subfield><subfield code="c">GENI</subfield><subfield code="t">0</subfield><subfield code="m">Electronic access</subfield><subfield code="s">01</subfield></datafield><datafield ind1=" " ind2=" " tag="999"><subfield code="i">NNC_3071301</subfield><subfield code="o">(OCoLC)ocm22715563 </subfield><subfield code="s">columbia_aco000533</subfield></datafield></record>